@article{article,
  doi = {doi},
  url = {url},
  year = {year},
  publisher = {publisher}
  volume = {volume},
  number = {number},
  pages = {pages},
  author = {author},
  title = {title},
  journal = {journal}
}
